@Book{HTT,
 Author = {Lurie, Jacob},
 Title = {Higher Topos Theory},
 FSeries = {Annals of Mathematics Studies},
 Series = {Ann. Math. Stud.},
 Volume = {170},
 ISBN = {978-0-691-14049-0; 978-0-691-14048-3},
 Year = {2009},
 Publisher = {Princeton, NJ: Princeton University Press},
 Language = {English},
 DOI = {10.1515/9781400830558},
 Keywords = {18-02,18B25,18G30,18G55,18F20},
 zbMATH = {5497319},
 Zbl = {1175.18001},
 shorthand = {HTT}
}

@misc{HA,
  author       = {Lurie, Jacob},
  title        = {Higher Algebra},
  year         = {2017},
  url          = {https://www.math.ias.edu/~lurie/papers/HA.pdf},
  shorthand    = {HA}
}